<record><leader>00000cas a22000007a 4500</leader><controlfield tag="001">25959664</controlfield><controlfield tag="008">920605d19131919ncucr ne      0    0eng d</controlfield><datafield ind1=" " ind2=" " tag="010"><subfield code="a">sn 92073077 </subfield></datafield><datafield ind1=" " ind2=" " tag="040"><subfield code="a">NVJ</subfield><subfield code="b">eng</subfield><subfield code="c">NVJ</subfield><subfield code="d">OCLCQ</subfield></datafield><datafield ind1=" " ind2=" " tag="042"><subfield code="a">msc</subfield></datafield><datafield ind1="0" ind2=" " tag="130"><subfield code="a">Public ledger (Oxford, N.C. : 1913)</subfield></datafield><datafield ind1="1" ind2="0" tag="245"><subfield code="a">Public ledger.</subfield></datafield><datafield ind1=" " ind2=" " tag="260"><subfield code="a">Oxford, N.C. :</subfield><subfield code="b">Britt and Coble</subfield></datafield><datafield ind1=" " ind2=" " tag="300"><subfield code="a">v.</subfield></datafield><datafield ind1=" " ind2=" " tag="310"><subfield code="a">Semiweekly</subfield></datafield><datafield ind1="0" ind2=" " tag="362"><subfield code="a">Vol. 29, no. 76 (Sept. 10, 1913)-v. 34, no. 4 (Jan. 14, 1919).</subfield></datafield><datafield ind1=" " ind2=" " tag="752"><subfield code="a">United States</subfield><subfield code="b">North Carolina</subfield><subfield code="c">Granville</subfield><subfield code="d">Oxford.</subfield></datafield><datafield ind1="0" ind2="0" tag="780"><subfield code="t">Public ledger and Oxford banner</subfield><subfield code="w">(DLC)sn 92073074</subfield></datafield><datafield ind1="0" ind2="0" tag="785"><subfield code="t">Oxford public ledger (Oxford, N.C. : 1919)</subfield><subfield code="w">(DLC)sn 92073078</subfield></datafield></record>